	
@article{Ainsworth1999,
    author = {Shaaron E Ainsworth},
    title = {The Functions of Multiple Representations},
    journal = {Computers and Education},
    volume = {33},
    number = {2-3},
    year = {1999},
    pages = {131--152}
}

@article{Ainsworth2006,
    author = {Shaaron E Ainsworth},
    title = {DeFT: A Conceptual Framework for Learning with Multiple Representations},
    journal = {Learning and Instruction},
    volume = {16},
    number = {3},
    pages = {183--198},
    year = {2006}
}

@book{Linden1997,
    author = {Wim J van der Linden and Ronald K Hambleton},
    title = {Handbook of Modern Item Response Theory},
    year = {1997},
    publisher = {Springer}
}

@article{Rau2009,
    author = {Martina A Rau and Vincent Aleven and N Rummel},
    year = {2009},
    title = {Intelligent Tutoring Systems with Multiple Representations and Self-Explanation Prompts Support Learning of Fractions},
    editor = {V Dimitrova and R Mizoguchi and B du Boulay},
    journal = {International Conference of Artificial Intelligence in Education},
    pages = {441-448}
}

@inproceedings{Rau2012,
    author = {Martina Rau and Richard Scheines},
    year = {2012},
    title = {Searching for Variables and Models to Investigate Mediators of Learning from Multiple Representations},
    booktitle = {International Conference on Educational Data Mining}
}

@inproceedings{Rau2012b,
    author = {Martina A Rau and Vincent Aleven and Z Tunc-Pekkan and L Pacilio and N Rummel},
    title = {How to Schedule Multiple Graphical Representations? A Classroom Experiment With an Intelligent Tutoring System for Fractions},
    booktitle = {Proceedings of International Conference of the Learning Sciences},
    year = {2012}
}

@book{Collins2009,
    author = {L M Collins and S T Lanza},
    year = {2009},
    title = {Latent Class and Latent Transition Analysis: With Applications in the Social, Behavioral, and Health Sciences},
    publisher = {Wiley Publishing}
}

@book{Hagenaars2002,
    author = {J A Hagenaars},
    year = {2002},
    title = {Applied Latent Class Analysis},
    publisher = {Cambridge University Press}
}

@article{Hagenaars1988,
    author = {J A Hagenaars},
    year = {1988},
    title = {Latent Structure Models with Direct Effects between Indicators: Local Dependence Models},
    journal = {Sociological Methods and Research}
}

@article{Aleven2006,
    author = {Vincent Aleven and Bruce McLaren and Ido Roll and Kenneth R Koedinger},
    year = {2006},
    title = {Toward Meta-Cognitive Tutoring: A Model of Help Seeking with a Cognitive Tutor},
    journal = {International Journal of Artificial Intelligence in Education}
}

@inproceedings{Aleven2000,
    author = {Vincent Aleven and Kenneth R Koedinger},
    title = {Limitations of Student Control: Do Students Know When They Need Help?},
    year = {2000},
    booktitle = {Proceedings of the 5th International Conference on Intelligent Tutoring Systems, ITS 2000},
    editor = {G Gauthier and C Frasson and K VanLehn},
    pages = {292--303}
}

@article{Aleven2003,
    author = {Vincent Aleven and E Stahl and S Schworn and F Fischer and R M Wallace},
    year = {2003},
    title = {Help Seeking and Help Design in Interactive Learning Environments},
    journal = {Review of Educational Research},
    volume = {73},
    number = {2},
    pages = {277--320}
}

@article{Garrett2004,
    author = {Elizabeth S Garrett and Scott L Zeger},
    year = {2004},
    title = {Latent Class Model Diagnosis},
    journal = {Biometrics},
    volume = {56},
    number = {4},
    pages = {1055--1067}
}

@article{Baker2009,
    author = {Ryan Baker and Albert Corbett and Ido Roll and Kenneth R Koedinger},
    title = {Developing a Generalizable Detector of when Students Game the System},
    journal = {User Modeling and User-Adapted Interaction},
    year = {2009}
}

@inproceedings{Baker2009b,
    author = {Ryan Baker},
    title = {Differences Between Intelligent Tutor Lessons, and the Choice to Go Off-Task},
    year = {2009},
    booktitle = {Proceedings of the 2nd International Conference on Educational Data Mining}
}

@article{Koedinger2007,
    author = {Kenneth R Koedinger and Vincent Aleven},
    title = {Exploring the Assistance Dilemma in Experiments with Cognitive Tutors},
    journal = {Education Psychology Review},
    year = {2007},
    month = {July},
    volume = {19},
    pages = {239--264}
}


@article{Perera2009,
    author = {Dilhan Perera and Judy Kay and Irena Koprinska and Kalina Yacef and Osmar R Zaiane},
    title = {Clustering and Sequential Pattern Mining of Online Collaborative Learning Data},
    journal = {Knowledge and Data Engineering, IEEE Transactions},
    volume = {21},
    number = {6},
    year = {2009},
    pages = {759--772}
}

@article{Romero2007,
    author = {Cristobal Romero and Sebastian Ventura},
    title = {Educational data mining: A survey from 1995 to 2005},
    journal = {Expert Systems with Applications},
    volume = {33},
    number = {1},
    year = {2007},
    pages = {135--146}
}

@article{Merceron2005,
    author = {Agathe Merceron and Kalina Yacef},
    title = {Clustering students to help evaluate learning},
    journal = {Technology Enhanced Learning},
    year = {2005},
    pages = {31--42}
}

@article{Maas2008,
    author = {Han L J van der Maas and Marthe Straatemeier},
    title = {How to detect cognitive strategies: commentary on ‘Differentiation and integration: guiding principles for analyzing cognitive change’},
    journal = {Developmental Science},
    volume = {11},
    number = {4},
    year = {2008},
    pages = {449--453}
}

@article{Su2006,
    author = {Jun-Ming Su and Shian-Shyong Tseng and Wei Wang and Jui-Feng Weng and Jin Tan David Yang and W. Tsai},
    title = {Learning portfolio analysis and mining for SCORM compliant environment},
    journal = {Journal of Educational Society and Society},
    volume = {9},
    number = {1},
    year = {2006}
}

@article{Wu2011,
    author = {LT Wu and W Ling and B Burchett and DG Blazer and C Yang and JJ Pan and BB Reeve and GE Woody},
    title = {Use of item response theory and latent class analysis to link poly-substance use disorders with addiction severity, HIV risk, and quality of life among opioid-dependent patients in the Clinical Trials Network.},
    journal = {Drug and Alcohol Dependence},
    year = {2011},
    volume = {118},
    number = {2--3},
    pages = {186--193}
}

@article{Newell1981,
    author = {Alan Newell and P Rosenbloom},
    year = {1981},
    title = {Mechanisms of Skill Acquisition and the Law of Practice},
    editor = {John Anderson},
    journal = {Cognitive Skills and Their Acquisition},
    publisher = {Erlbaum Hillsdale}
}

@article{McKendree1990,
    author = {J E McKendree},
    year = {1990},
    title = {Effective Feedback Content for Tutoring Complex Skills},
    journal = {Human Computer Interaction},
    volume = {5},
    pages = {381--414}
}

@book{Vygotsky1978,
    author = {L S Vygotsky},
    title = {Mind in Society},
    year = {1978},
    publisher = {Harvard University Press}
}

@book{Ambrose2010,
    author = {Susan A. Ambrose and Michael W. Bridges and Michele DiPietro and Marsha C. Lovett and Marie K. Norman},
    title = {{How Learning Works}},
    publisher = {Jossey-Bass},
    year = {2010}
}

@article{Self1986,
    author = {John Self},
    title = {The Application of Machine Learning to Student Modelling},
    year = {1986},
    volume = {14},
    number = {3--4},
    pages = {327--338}
}

@article{Beal2008,
    author = {C R Beal and L Qu and H Lee},
    title = {Mathematics motivation and achievement as predictors of high school students' guessing and help-seeking with instructional software},
    year = {2008},
    journal = {Journal of Computer Assisted Learning},
    volume = {24},
    pages = {507--514}
}

@article{Amershi2009,
    author = {Combining Unsupervised and Supervised Classification to Build User Models for Exploratory Learning Environments},
    title = {Saleema Amershi and Cristina Conati},
    year = {2009},
    journal = {Journal of Educational Data Mining},
    volume = {1}
}
